@article{spalart1992,
author={P.~R.~Spalart and S.~R.~Allmaras},
title={A One-Equation Turbulence Model for Aerodynamic Flows},
journal={AIAA 30th Aerospace Sciences Meeting},
year = {1992}
}

@article{doostan2016,
author={Alireza Doostan and Gianluca Geraci and Gianluca Iaccarino},
title={A Bi-Fidelity approach for uncertainty quantification of heat transfer in a rectangular ribbed channel},
journal={Proceedings of ASME Turbo Expo},
year = {2016}
}

@TechReport{spalart2001,
author = {P.~R.~Spalart},
title = {Young-person's guide to detached-eddy simulation grids},
institution = {NASA Langley Research Center},
year = {2001},
month = {July}
}

@TechReport{NACA824,
author = {Ira H. Abbott and Albert E. von Doenhoff},
title = {{NACA Report No. 824: Summary of Airfoil Data}},
institution = {Langley Memorial Aeronautical Laboratory},
year = {1945}
}
